@book{kim2021devops,
  title={The DevOps handbook: How to create world-class agility, reliability, \& security in technology organizations},
  author={Kim, Gene and Humble, Jez and Debois, Patrick and Willis, John and Forsgren, Nicole},
  year={2021},
  chapter={~1-~4},
  publisher={IT Revolution}
}